<record><leader>00000cas a2200000 a 4500</leader><controlfield tag="001">840823358</controlfield><controlfield tag="008">130425c20039999cauwr ne      0    0eng c</controlfield><datafield ind1=" " ind2=" " tag="010"><subfield code="a">sn2012271109</subfield></datafield><datafield ind1=" " ind2=" " tag="040"><subfield code="a">CNK</subfield><subfield code="b">eng</subfield><subfield code="c">CNK</subfield><subfield code="d">OCLCQ</subfield><subfield code="d">OCLCO</subfield><subfield code="d">OCLCF</subfield></datafield><datafield ind1=" " ind2=" " tag="042"><subfield code="a">pcc</subfield></datafield><datafield ind1=" " ind2=" " tag="043"><subfield code="a">n-us-ca</subfield></datafield><datafield ind1="0" ind2=" " tag="130"><subfield code="a">Twin city times (Riverdale, Calif.)</subfield></datafield><datafield ind1="1" ind2="0" tag="245"><subfield code="a">Twin city times.</subfield></datafield><datafield ind1=" " ind2=" " tag="260"><subfield code="a">Riverdale, CA :</subfield><subfield code="b">Pulitzer Newspapers, Inc.</subfield></datafield><datafield ind1=" " ind2=" " tag="300"><subfield code="a">v.</subfield></datafield><datafield ind1=" " ind2=" " tag="310"><subfield code="a">Weekly</subfield></datafield><datafield ind1="0" ind2=" " tag="362"><subfield code="a">Vol. 29, no. 349 (Aug. 20, 2003)-</subfield></datafield><datafield ind1=" " ind2=" " tag="500"><subfield code="a">"Easton-Caruthers-Riverdale" appears in smaller print below title.</subfield></datafield><datafield ind1=" " ind2=" " tag="530"><subfield code="a">Master negatives are available for duplication from:</subfield><subfield code="b">California Newspaper Microfilm Archive;</subfield><subfield code="c">for further information consult the CNMA at:</subfield><subfield code="u">http://cbsr.ucr.edu</subfield></datafield><datafield ind1=" " ind2="0" tag="651"><subfield code="a">Riverdale (Calif.)</subfield><subfield code="v">Newspapers.</subfield></datafield><datafield ind1=" " ind2="0" tag="651"><subfield code="a">Fresno County (Calif.)</subfield><subfield code="v">Newspapers.</subfield></datafield><datafield ind1=" " ind2="7" tag="655"><subfield code="a">Newspapers.</subfield><subfield code="2">fast</subfield><subfield code="0">(OCoLC)fst01423814</subfield></datafield><datafield ind1=" " ind2="7" tag="651"><subfield code="a">California</subfield><subfield code="z">Fresno County.</subfield><subfield code="2">fast</subfield><subfield code="0">(OCoLC)fst01214324</subfield></datafield><datafield ind1=" " ind2="7" tag="651"><subfield code="a">California</subfield><subfield code="z">Riverdale.</subfield><subfield code="2">fast</subfield><subfield code="0">(OCoLC)fst01268628</subfield></datafield><datafield ind1=" " ind2=" " tag="752"><subfield code="a">United States</subfield><subfield code="b">California</subfield><subfield code="c">Fresno</subfield><subfield code="d">Riverdale.</subfield></datafield><datafield ind1="0" ind2="0" tag="780"><subfield code="t">Easton-Caruthers twin city times &amp; Riverdale free press</subfield><subfield code="w">(DLC)sn2012271108</subfield></datafield></record>